% -> A mettre dans la partie "bibliographie".
%Notre projet est basé sur l'études des 4 principaux articles : \\
%
%\begin{itemize}
%\item A. Grorud, M. Pontier, Insider trading in a continuous time market model, International Journal of Theoretical and Applied Finance, Vol. 1, No. 3, p. 331-347, 1998.
%\item A. Grorud, M. Pontier, Comment détecter le délit d'initiés ?, C. R. Acad. Sci. Paris, t. 324, Série 1, Probabilités/Probability, p. 1137-1142, 1997.
%\item H. Föllmer, P. Imkeller, Anticipation cancelled by b Girsanov transformation: a paradox on Wiener space, Ann. Inst. H. Poincaré Probabilités et Statististiques, Vol. 29, No. 4, p. 569-586, 1993.
%\item C. Hillairet, Comparison of insiders' optimal strategies depending on the type of side-information, Université Paul Sabatier, UFR MIG, Laboratoire de Statistique et Probabilités, 118 route de Narbonne, 31062 Toulouse cedex 4, France.
%\item L. Denis, A. Grorud, M. Pontier, Formes de Dirichlet sur un espace de Wiener-Poisson. Application au grossissement de filtration, Séminaire de probabilités (Strasbourg), tome 34, p. 198-217, 2000.
%\end{itemize}


@Article{art1,
author = "Grorud, A. and Pontier, M.",
title = "Comment détecter le délit d'initié ?",
journal = "C. R. Acad. Sci. Paris",
year = "1997",
OPTkey = "Série 1, Probabilités/Probability",
OPTvolume = "t. 324",
OPTpages = "p. 1137-1142",
}

@Article{art2,
author = "Grorud, A. and Pontier, M.",
title = "Insider trading in a continuous time market model",
journal = "International Journal of Theoretical and Applied Finance",
year = "1998",
OPTvolume = "Vol. 1",
OPTnumber = "No. 3",
OPTpages =  "p. 331-347",
}

@Article{art3,
author = "Föllmer, H. and Imkeller, P.",
title = "Anticipation cancelled by b Girsanov transformation: a paradox on Wiener space",
journal = "Ann. Inst. H. Poincaré Probabilités et Statististiques",
year = "1993",
OPTvolume = "Vol. 29",
OPTnumber = "No. 4",
OPTpages = "p. 569-586",
}

@incollection{art4,
  title={Formes de Dirichlet sur un espace de Wiener-Poisson. Application au grossissement de filtration},
  author={Denis, L. and Grorud, A. and Pontier, M.},
  booktitle={S{\'e}minaire de Probabilit{\'e}s XXXIV},
  pages={198--217},
  year={2000},
  publisher={Springer}
}

@article{art5,
title = "Comparison of insiders’ optimal strategies depending on the type of side-information",
journal = "Stochastic Processes and their Applications",
volume = "115",
number = "10",
pages = "1603 - 1627",
year = "2005",
issn = "0304-4149",
doi = "https://doi.org/10.1016/j.spa.2005.05.005",
url = "http://www.sciencedirect.com/science/article/pii/S030441490500075X",
author = "Hillairet, C.",
keywords = "Strong and weak information, Risk neutral probability measure and minimal probability measure, Optimal strategy, Simulation"
}


